2232 3573
602 111 1297 191 PRAEFATIO
1352 106 1919 188 AUTORIS

398 238 699 312 revocari
714 233 890 336 possit
907 285 934 327 ,
983 229 1164 304 unicc‘i
1176 230 1595 326 fundamento
1615 283 1640 323 ‚
1689 232 1852 329 quod
1888 256 2105 304 tamen

403 342 654 424 Atticis
690 343 758 405 in
795 337 944 425 aliis
964 333 1260 437 pluribus
1299 356 1614 402 commune
1659 331 1739 424 est
1766 383 1792 423 ,
1827 332 2105 424 substru-

404 435 540 527 ἃᾶ,
587 458 657 504 ut
691 435 949 505 docetur
983 440 1052 503 in
1101 437 1562 503 Grammatica.
1662 437 1819 501 Nec
1866 431 2103 524 obstat,

399 536 567 631 quod
597 536 830 627 dentur
861 539 1154 604 Nomina
1186 538 1255 602 in
1293 550 1403 620 ως,
1452 552 1575 621 qua
1603 533 1673 598 in
1704 532 1948 624 Nostra
1981 537 2102 601 Se-

360 629 368 637 ’
400 635 610 707 cunda
642 660 761 702 non
779 655 1151 704 occurrant.
1201 629 1528 725 Siquidem
1567 650 1594 699 1
1612 683 1629 700 .
1646 635 1768 697 vix
1786 652 1876 701 tot
1891 654 2104 723 erunt,

398 758 543 830 quot
573 731 720 824 ostia
753 737 954 824 Nih,
1005 754 1113 802 aut
1151 752 1338 833 porta
1367 725 1749 800 Thebarum.
1823 755 1888 800 2.
1921 742 2102 805 Com-

390 829 735 921 'modffme
759 852 883 933 per
929 833 1323 929 Analogiam
1371 829 1460 901 ad
1510 829 1867 899 Secundam
1903 833 2103 902 redu-

399 957 649 1006 cuntur.
700 933 1129 1030 Analogicam
1164 955 1317 999 vero
1337 926 1636 1030 ejusmodi
1648 926 2099 1019 formationem

379 1037 453 1125 si
475 1036 856 1131 negaveris‚-
894 1057 976 1101 nae
1010 1040 1077 1100 in
1121 1035 1385 1128 Linguis
1422 1026 1862 1098 Orientalibus
1898 1030 2065 1135 hospi
2072 1072 2098 1088 ·

398 1156 528 1205 tem
579 1155 665 1202 te·
680 1127 1071 1231 profiteberis
1106 1136 1134 1197 Ι
1192 1149 1254 1226 3.
1288 1132 1449 1199 Sunt
1484 1124 1560 1199 (θ’
1614 1123 1731 1196 hac
1778 1134 1850 1201 V
1841 1132 2101 1212 ocabula
2143 1136 2156 1206 Ϊ
2219 1132 2223 1143 ’

399 1237 639 1305 Attica
671 1236 712 1298 α’
733 1227 1165 1300 Communibus
1201 1253 1469 1329 recepta.
1520 1245 1593 1318 4.
1610 1230 1704 1295 Et
1732 1243 2001 1311 σοιτανᾶς
2026 1240 2099 1302 in

395 1337 695 1402 Genitivo
739 1326 988 1399 tantum
1038 1324 1223 1398 habet
1275 1343 1518 1401 σκτανᾶ
1568 1330 1646 1402 &⁵
1690 1335 1889 1417 πήχυς
1925 1359 2100 1404 more

398 1438 631 1504 Attico
660 1434 935 1518 πήχεως,
985 1427 1060 1499 &¹
1105 1429 1282 1521 alia,
1330 1454 1445 1499 nec
1475 1453 1690 1517 tamen
1719 1428 1952 1500 exinde
1984 1459 2097 1503 no-

399 1556 489 1601 va
524 1533 998 1599 Declinationes
1014 1530 1165 1618 siant
1197 1551 1374 1618 ortae,
1406 1529 1532 1620 sed
1583 1528 1745 1623 istud
1776 1534 2098 1629 Anologi-

404 1627 471 1701 ce
504 1628 591 1697 ad
626 1622 918 1698 Primam
935 1677 962 1719 ‚
984 1628 1095 1697 hoc
1129 1652 1281 1698 vero
1316 1627 1421 1698 ad.
1441 1629 1727 1700 Tertiam
1744 1629 2095 1704 reducitur.

421 1741 423 1743 ’
500 1736 615 1799 Ex
641 1725 873 1823 quibus
878 1739 1185 1830 praterea
1202 1748 1382 1830 patet
1400 1777 1424 1818 ‚
1445 1753 1559 1799 cur
1590 1730 2100 1830 conjugationum

388 1827 705 1916 ‚multitud
706 1834 872 1897 inem
903 1828 992 1899 ad
1037 1833 1343 1899 unitatem
1377 1837 1889 1900 revocaverimus
1906 1879 1932 1920 ‚
1982 1857 2097 1901 nec

399 1930 833 2018 diversitatem
868 1952 1085 1997 earum
1108 1948 1229 2028 per
1262 1931 1485 1998 multos
1518 1932 1837 2024 anfraHus
1868 1930 2095 2001 &am-

319 2094 329 2098 -
399 2028 624 2126 bages,
675 2049 993 2122 certasque
1030 2032 1402 2097 Literarum
1433 2020 2095 2122 Charailertsticarum

398 2135 660 2216 Prima,
709 2127 1000 2196 Secunda
1030 2173 1055 2213 ‚
1107 2130 1331 2197 Tertia
1364 2178 1389 2218 ‚
1441 2131 1695 2219 Qartae
1727 2179 1753 2219 ,
1798 2132 2094 2226 Qintae‚

396 2227 532 2300 &a
583 2229 793 2316 claffes
838 2222 1016 2323 longe
1062 2225 1563 2325 deftrt’pserimus
1594 2280 1620 2320 ,
1665 2254 1811 2298 cum
1854 2250 1880 2299 1
1898 2282 1914 2299 .
1955 2230 2098 2300 Una

294 2337 301 2344 ’
397 2333 644 2399 tantum
677 2331 948 2396 omnium
958 2327 1047 2414 fit
1067 2324 1452 2396 ‘Terminatio
1470 2322 1504 2418 ,‘
1543 2326 1875 2423 Verbaque
1917 2332 1986 2396 in
2021 2352 2098 2409 μι

394 2448 642 2497 tantum
672 2431 740 2493 in
780 2430 1070 2516 Praess’nti
1098 2426 1459 2495 Indicativi
1506 2429 1743 2497 Aelim
1781 2430 2099 2528 peculiari

396 2526 472 2596 ὠ
507 2519 675 2595 ηονέ
698 2523 1027 2621 gaudeant
1057 2525 1519 2595 Terminatione
1538 2575 1564 2616 ‚
1612 2549 1682 2596 ut
1710 2527 2095 2600 diceturin-

382 2627 614 2721 serius.
722 2645 780 2693 2.
816 2626 1024 2723 Ipsum
1066 2630 1372 2694 Futurum
1408 2625 1700 2695 Primum
1731 2624 1772 2696 ἃ
1812 2628 2101 2717 Praesenti

395 2724 465 2798 in
499 2720 775 2796 omnibus
811 2721 1347 2822 Conjugationibus
1395 2749 1512 2822 {qo
1562 2724 1638 2801 &¹
1667 2725 1885 2794 eodem
1917 2727 2098 2797 modo

380 2826 741 2919 formetur,
791 2821 832 2888 a
873 2848 986 2917 quo
1029 2824 1389 2915 PerfeiZum
1421 2819 1550 2894 una*
1601 2821 1946 2919 eidemque
1982 2852 2100 2894 ra-

395 2951 559 2996 ttone
611 2930 680 2990 in
732 2920 1007 2992 omnibus
1071 2920 1378 3021 dependet
1415 2971 1440 3011 ‚
1513 2947 1584 2993 ut
1645 2926 1760 2993 vel
1826 2930 2102 3022 triginta

395 3029 972 3094 Grammaticorum
1024 3024 1296 3118 Regulas
1328 3072 1354 3112 ,
1425 3046 1547 3114 quae
1596 3027 1912 3120 ingenium
1956 3023 2100 3108 fere

392 3123 649 3193 obruere
670 3123 909 3219 poffint
928 3170 953 3210 ,
1004 3125 1070 3187 in
1101 3144 1289 3191 unam
1312 3118 1566 3212 fitmmci
1614 3148 1753 3192 cum
1779 3120 2100 3222 jucundi-

393 3245 524 3293 tate
557 3221 841 3289 colleHas
877 3218 1232 3290 habeamus.
1873 3294 1876 3296 .
1984 3221 1988 3225 ⁴

491 3322 640 3392 Haec
671 3316 752 3390 de
784 3320 1076 3405 Numero
1116 3322 1640 3395 Declinationum
1675 3320 1751 3399 (ῥ’
1785 3322 2097 3427 Conjuga-

1976 3447 2103 3496 tto-
